<record><leader>02829nam a2200457 i 4500</leader><controlfield tag="001">6676196</controlfield><controlfield tag="003">OCoLC</controlfield><controlfield tag="005">20160712180500.0</controlfield><controlfield tag="008">140723t20152014nyuabf   b    001 0 eng d</controlfield><datafield ind1=" " ind2=" " tag="010"><subfield code="a">  2013050952</subfield></datafield><datafield ind1=" " ind2=" " tag="020"><subfield code="a">9780345804396</subfield><subfield code="q">(paperback)</subfield></datafield><datafield ind1=" " ind2=" " tag="020"><subfield code="a">0345804392</subfield><subfield code="q">(paperback)</subfield></datafield><datafield ind1=" " ind2=" " tag="020"><subfield code="a">9780385537124</subfield><subfield code="q">(electronic book)</subfield></datafield><datafield ind1=" " ind2=" " tag="020"><subfield code="a">0385537123</subfield><subfield code="q">(electronic book)</subfield></datafield><datafield ind1=" " ind2=" " tag="035"><subfield code="a">ocn884479855</subfield></datafield><datafield ind1=" " ind2=" " tag="040"><subfield code="a">YDXCP</subfield><subfield code="b">eng</subfield><subfield code="e">rda</subfield><subfield code="c">YDXCP</subfield><subfield code="d">BTCTA</subfield><subfield code="d">BDX</subfield><subfield code="d">NYP</subfield><subfield code="d">OCLCF</subfield><subfield code="d">KIJ</subfield><subfield code="d">OCLCQ</subfield><subfield code="d">ACHCU</subfield></datafield><datafield ind1="0" ind2="4" tag="050"><subfield code="a">BL1625.D4</subfield></datafield><datafield ind1="0" ind2="4" tag="082"><subfield code="a">220.93</subfield><subfield code="2">23</subfield></datafield><datafield ind1=" " ind2=" " tag="090"><subfield code="a">BL 1625 D4 F56 2014b</subfield><subfield code="b">ACHCU</subfield></datafield><datafield ind1=" " ind2=" " tag="090"><subfield code="a">BL 1625 D4 F56 2014</subfield><subfield code="b">AEC</subfield></datafield><datafield ind1=" " ind2=" " tag="090"><subfield code="a">BL 1625 D4 F56 2014</subfield><subfield code="b">AEU</subfield></datafield><datafield ind1="1" ind2=" " tag="100"><subfield code="a">Finkel, Irving L.,</subfield><subfield code="e">author.</subfield></datafield><datafield ind1="1" ind2="4" tag="245"><subfield code="a">The ark before Noah :</subfield><subfield code="b">decoding the story of the flood /</subfield><subfield code="c">Irving Finkel.</subfield></datafield><datafield ind1=" " ind2=" " tag="250"><subfield code="a">First Anchor books edition.</subfield></datafield><datafield ind1=" " ind2="1" tag="264"><subfield code="a">New York :</subfield><subfield code="b">Anchor Books,</subfield><subfield code="c">2015.</subfield></datafield><datafield ind1=" " ind2="4" tag="264"><subfield code="c">&#169;2014</subfield></datafield><datafield ind1=" " ind2=" " tag="300"><subfield code="a">445 pages, [16] pages of plates :</subfield><subfield code="b">illustrations (some color), maps ;</subfield><subfield code="c">20 cm</subfield></datafield><datafield ind1=" " ind2=" " tag="336"><subfield code="a">text</subfield><subfield code="b">txt</subfield><subfield code="2">rdacontent</subfield></datafield><datafield ind1=" " ind2=" " tag="337"><subfield code="a">unmediated</subfield><subfield code="b">n</subfield><subfield code="2">rdamedia</subfield></datafield><datafield ind1=" " ind2=" " tag="338"><subfield code="a">volume</subfield><subfield code="b">nc</subfield><subfield code="2">rdacarrier</subfield></datafield><datafield ind1=" " ind2=" " tag="504"><subfield code="a">Includes bibliographical references (pages 411-445) and index.</subfield></datafield><datafield ind1=" " ind2=" " tag="520"><subfield code="a">"British Museum expert Dr Irving Finkel reveals how decoding the symbols on a 4,000 year old piece of clay enable a radical new interpretation of the Noah's Ark myth. A world authority on the period, Dr Finkel's enthralling real-life detective story began with a most remarkable event at the British Museum - the arrival one day in 2008 of a single, modest-sized Babylonian cuneiform tablet - the palm-sized clay rectangles on which our ancestors created the first documents. It had been brought in by a member of the public and this particular tablet proved to be of quite extraordinary importance. Not only does it date from about 1850 BC, but it is a copy of the Babylonian Story of the Flood, a myth from ancient Mesopotamia revealing among other things, instructions for building a large boat to survive a flood. But Dr Finkel's pioneering work didn't stop there. Through another series of enthralling discoveries he has been able to decode the story of the Flood in ways which offer unanticipated revelations to readers of THE ARK BEFORE NOAH."--Publisher's website.</subfield></datafield><datafield ind1=" " ind2=" " tag="596"><subfield code="a">21 23 43</subfield></datafield><datafield ind1=" " ind2="0" tag="650"><subfield code="a">Deluge.</subfield></datafield><datafield ind1=" " ind2="0" tag="650"><subfield code="a">Noah's ark.</subfield></datafield><datafield ind1=" " ind2="0" tag="650"><subfield code="a">Cuneiform tablets.</subfield></datafield><datafield ind1=" " ind2="0" tag="650"><subfield code="a">Akkadian language</subfield><subfield code="v">Texts.</subfield></datafield><datafield ind1=" " ind2="0" tag="650"><subfield code="a">Mythology, Assyro-Babylonian.</subfield></datafield><datafield ind1=" " ind2=" " tag="926"><subfield code="a">BL 1625 D4 F56 2014</subfield><subfield code="w">LC</subfield><subfield code="c">1</subfield><subfield code="i">0162035148046</subfield><subfield code="d">12/9/2016</subfield><subfield code="e">12/1/2016</subfield><subfield code="l">ON_SHELF</subfield><subfield code="m">UAHSS</subfield><subfield code="n">8</subfield><subfield code="p">$150.00</subfield><subfield code="r">Y</subfield><subfield code="s">Y</subfield><subfield code="t">BOOK</subfield><subfield code="u">9/11/2014</subfield></datafield><datafield ind1=" " ind2=" " tag="926"><subfield code="a">BL 1625 D4 F56 2014</subfield><subfield code="w">LC</subfield><subfield code="c">1</subfield><subfield code="i">33333001200001</subfield><subfield code="d">5/11/2016</subfield><subfield code="e">5/4/2016</subfield><subfield code="l">ON_SHELF</subfield><subfield code="m">CONCORDIA</subfield><subfield code="n">9</subfield><subfield code="r">Y</subfield><subfield code="s">Y</subfield><subfield code="t">BOOK</subfield><subfield code="u">1/7/2015</subfield></datafield><datafield ind1=" " ind2=" " tag="926"><subfield code="a">BL 1625 D4 F56 2014b</subfield><subfield code="w">LC</subfield><subfield code="c">1</subfield><subfield code="i">32860001096196</subfield><subfield code="l">ON_SHELF</subfield><subfield code="m">BURMAN</subfield><subfield code="r">Y</subfield><subfield code="s">Y</subfield><subfield code="t">BOOK</subfield><subfield code="u">7/12/2016</subfield></datafield></record>